% This file was created with JabRef 2.10.
% Encoding: UTF-8


@Book{davidkahn,
  Title                    = {Codebreakers},
  Author                   = {David Kahn},
  Publisher                = {Scribner},
  Year                     = {1967}
}

@Book{BRsecuresoftware,
  Title                    = {Keamanan Perangkat Lunak},
  Author                   = {Budi Rahardjo},
  Publisher                = {PT Insan Infonesia},
  Year                     = {2016},

  Owner                    = {budi},
  Timestamp                = {2017.01.28}
}

@comment{jabref-meta: databaseType:bibtex;}

